@Preamble{ " \newcommand{\noop}[1]{} " }

@article{allcott2019food,
  title={Food deserts and the causes of nutritional inequality},
  author={Allcott, Hunt and Diamond, Rebecca and Dub{\'e}, Jean-Pierre and Handbury, Jessie and Rahkovsky, Ilya and Schnell, Molly},
  journal={The Quarterly Journal of Economics},
  volume={134},
  number={4},
  pages={1793--1844},
  year={2019},
  publisher={Oxford University Press}
}

@article{athey2021design,
  title={Design-based analysis in difference-in-differences settings with staggered adoption},
  author={Athey, Susan and Imbens, Guido W},
  journal={Journal of Econometrics},
  year={2021},
  publisher={Elsevier}
}

@article{broda2014economic,
  title={The economic stimulus payments of 2008 and the aggregate demand for consumption},
  author={Broda, Christian and Parker, Jonathan A},
  journal={Journal of Monetary Economics},
  volume={68},
  pages={S20--S36},
  year={2014},
  publisher={Elsevier}
}

@article{borusyak2017revisiting,
  title={Revisiting event study designs},
  author={Borusyak, Kirill and Jaravel, Xavier},
  journal={Available at SSRN 2826228},
  year={2017}
}

@article{callaway2020difference,
  title={Difference-in-differences with multiple time periods},
  author={Callaway, Brantly and Santâ€™Anna, Pedro HC},
  journal={Journal of Econometrics},
  year={2020},
  publisher={Elsevier}
}

@article{cawley2012medical,
  title={The medical care costs of obesity: an instrumental variables approach},
  author={Cawley, John and Meyerhoefer, Chad},
  journal={Journal of health economics},
  volume={31},
  number={1},
  pages={219--230},
  year={2012},
  publisher={Elsevier}
}

@article{de2020two,
  title={Two-way fixed effects estimators with heterogeneous treatment effects},
  author={De Chaisemartin, Cl{\'e}ment and d'Haultfoeuille, Xavier},
  journal={American Economic Review},
  volume={110},
  number={9},
  pages={2964--96},
  year={2020}
}

@article{dubois2014prices,
  title={Do prices and attributes explain international differences in food purchases?},
  author={Dubois, Pierre and Griffith, Rachel and Nevo, Aviv},
  journal={American Economic Review},
  volume={104},
  number={3},
  pages={832--67},
  year={2014}
}

@article{einav2010recording,
  title={Recording discrepancies in Nielsen Homescan data: Are they present and do they matter?},
  author={Einav, Liran and Leibtag, Ephraim and Nevo, Aviv},
  journal={QME},
  volume={8},
  number={2},
  pages={207--239},
  year={2010},
  publisher={Springer}
}

@article{griffith2017importance,
  title={The importance of product reformulation versus consumer choice in improving diet quality},
  author={Griffith, Rachel and O'Connell, Martin and Smith, Kate},
  journal={Economica},
  volume={84},
  number={333},
  pages={34--53},
  year={2017},
  publisher={Wiley Online Library}
}

@techreport{goodman2018difference,
  title={Difference-in-differences with variation in treatment timing},
  author={Goodman-Bacon, Andrew},
  year={2018},
  institution={National Bureau of Economic Research}
}

@article{harding2017effect,
  title={The effect of prices on nutrition: comparing the impact of product-and nutrient-specific taxes},
  author={Harding, Matthew and Lovenheim, Michael},
  journal={Journal of Health Economics},
  volume={53},
  pages={53--71},
  year={2017},
  publisher={Elsevier}
}

@article{harris2020online,
  title={Online Shopping and the Healthfulness of Grocery Purchases},
  author={Harris-Lagoudakis, Katherine},
  journal={Working paper},
  year={2020},
  month={12}
}

@article{hut2020determinants,
  title={Determinants of dietary choice in the US: Evidence from consumer migration},
  author={Hut, Stefan},
  journal={Journal of Health Economics},
  volume={72},
  pages={102327},
  year={2020},
  publisher={Elsevier}
}

@article{johnson2006household,
  title={Household expenditure and the income tax rebates of 2001},
  author={Johnson, David S and Parker, Jonathan A and Souleles, Nicholas S},
  journal={American Economic Review},
  volume={96},
  number={5},
  pages={1589--1610},
  year={2006}
}

@article{kaplan2014model,
  title={A model of the consumption response to fiscal stimulus payments},
  author={Kaplan, Greg and Violante, Giovanni L},
  journal={Econometrica},
  volume={82},
  number={4},
  pages={1199--1239},
  year={2014},
  publisher={Wiley Online Library}
}

@article{kaplan2014tale,
  title={A tale of two stimulus payments: 2001 versus 2008},
  author={Kaplan, Greg and Violante, Giovanni L},
  journal={American Economic Review},
  volume={104},
  number={5},
  pages={116--21},
  year={2014}
}

@article{parker2013consumer,
  title={Consumer spending and the economic stimulus payments of 2008},
  author={Parker, Jonathan A and Souleles, Nicholas S and Johnson, David S and McClelland, Robert},
  journal={American Economic Review},
  volume={103},
  number={6},
  pages={2530--53},
  year={2013}
}

@article{sun2020estimating,
  title={Estimating dynamic treatment effects in event studies with heterogeneous treatment effects},
  author={Sun, Liyang and Abraham, Sarah},
  journal={Journal of Econometrics},
  year={2020},
  publisher={Elsevier}
}

@article{usdafns,
  title={FNS Nutrition Programs},
  author={U.S. Department of Agriculture Food and Nutrition Service},
  url={https://www.fns.usda.gov/programs},
  note={Accessed May 2021}
}

@article{usda2021,
  title={Dietary Guidelines for Americans 2020-2025},
  author={U.S. Department of Agriculture and U.S. Department of Health and Human Services},
  year={2020},
  month={12},
  url={http://www.dietaryguidelines.gov/},
  note={Accessed May 2021}
}

@article{house2008,
  title={H.R.5140 - Economic Stimulus Act of 2008},
  author={U.S. House. 110th Congress},
  year={2008},
  month={2},
}
